<?xml version="1.0" encoding="UTF-8"?><record xmlns="http://www.loc.gov/MARC21/slim" xmlns:cinclude="http://apache.org/cocoon/include/1.0" xmlns:zs="http://www.loc.gov/zing/srw/">
  <leader>00584cz  a2200157n  4500</leader>
  <controlfield tag="001">n  92112001 </controlfield>
  <controlfield tag="003">DLC</controlfield>
  <controlfield tag="005">19980804052108.4</controlfield>
  <controlfield tag="008">921119n| acannaab|          |a aaa      </controlfield>
  <datafield tag="010" ind1=" " ind2=" ">
    <subfield code="a">n  92112001 </subfield>
  </datafield>
  <datafield tag="035" ind1=" " ind2=" ">
    <subfield code="a">(OCoLC)oca03274118 </subfield>
  </datafield>
  <datafield tag="040" ind1=" " ind2=" ">
    <subfield code="a">DLC</subfield>
    <subfield code="c">DLC</subfield>
    <subfield code="d">DLC</subfield>
    <subfield code="d">ICRL</subfield>
  </datafield>
  <datafield tag="100" ind1="1" ind2="0">
    <subfield code="a">Okuneva, T. M.</subfield>
  </datafield>
  <datafield tag="400" ind1="1" ind2="0">
    <subfield code="a">Okuneva, Tamara Mikhaĭlovna</subfield>
  </datafield>
  <datafield tag="670" ind1=" " ind2=" ">
    <subfield code="a">Atlas rukovodi︠a︡shchikh grupp fauny mezozoi︠a︡ i︠u︡ga i vostoka SSSR, 1992:</subfield>
    <subfield code="b">verso t.p. (T. M. Okuneva)</subfield>
  </datafield>
  <datafield tag="670" ind1=" " ind2=" ">
    <subfield code="a">Vses. paleontol. ob-vo, 1984:</subfield>
    <subfield code="b">p. 142 (Okuneva, Tamara Mikhaĭlovna; b. 1929; kand. geol.-min. n.; VSEGEI)</subfield>
  </datafield>
</record>